@article{seng2018computer,
title={Computer vision and machine learning for viticulture technology},
author={Seng, Kah Phooi and Ang, Li-Minn and Schmidtke, Leigh M and Rogiers, Suzy Y},
journal={IEEE Access},
volume={6},
pages={67494--67510},
year={2018},
publisher={IEEE}
}

@inproceedings{nuske2011yield,
title={Yield estimation in vineyards by visual grape detection},
author={Nuske, Stephen and Achar, Supreeth and Bates, Terry and Narasimhan, Srinivasa and Singh, Sanjiv},
booktitle={2011 IEEE/RSJ International Conference on Intelligent Robots and Systems},
pages={2352--2358},
year={2011},
organization={IEEE}
}

@inproceedings{tardaguila2012automatic,
title={Automatic estimation of the size and weight of grapevine berries by image analysis},
author={Tardaguila, J and Diago, MP and Blasco, J and Mill{\'a}n, B and Cubero, S and Garc{\'\i}a-Navarrete, OL and Aleixos, N},
booktitle={Proc. CIGR AgEng},
year={2012}
}

@article{diago2012grapevine,
title={Grapevine yield and leaf area estimation using supervised classification methodology on RGB images taken under field conditions},
author={Diago, Maria-Paz and Correa, Christian and Mill{\'a}n, Borja and Barreiro, Pilar and Valero, Constantino and Tardaguila, Javier},
journal={Sensors},
volume={12},
number={12},
pages={16988--17006},
year={2012},
publisher={Multidisciplinary Digital Publishing Institute}
}

@article{herzog2014initial,
title={Initial steps for high-throughput phenotyping in vineyards},
author={Herzog, Katja and others},
journal={Australian and New Zealand Grapegrower and Winemaker},
number={603},
pages={54},
year={2014},
publisher={Winetitles Media}
}

@article{berenstein2010grape,
title={Grape clusters and foliage detection algorithms for autonomous selective vineyard sprayer},
author={Berenstein, Ron and Shahar, Ohad Ben and Shapiro, Amir and Edan, Yael},
journal={Intelligent Service Robotics},
volume={3},
number={4},
pages={233--243},
year={2010},
publisher={Springer}
}

@inproceedings{tardaguila2012applications,
title={Applications of computer vision techniques in viticulture to assess canopy features, cluster morphology and berry size},
author={Tard{\'a}guila, Javier and Diago, Maria P and Millan, B and Blasco, Jos{\'e} and Cubero, Sergio and Aleixos, Nuria},
booktitle={I International Workshop on Vineyard Mechanization and Grape and Wine Quality 978},
pages={77--84},
year={2012}
}

@article{whalley2013applications,
title={Applications of image processing in viticulture: A review},
author={Whalley, JL and Shanmuganathan, S},
year={2013},
publisher={The Modelling and Simulation Society of Australia and New Zealand Inc.(MODSIM)}
}

@incollection{hirano2006industry,
title={Industry and object recognition: Applications, applied research and challenges},
author={Hirano, Yutaka and Garcia, Christophe and Sukthankar, Rahul and Hoogs, Anthony},
booktitle={Toward category-level object recognition},
pages={49--64},
year={2006},
publisher={Springer}
}

@article{kahng2017cti,
title={A cti v is: Visual exploration of industry-scale deep neural network models},
author={Kahng, Minsuk and Andrews, Pierre Y and Kalro, Aditya and Chau, Duen Horng Polo},
journal={IEEE transactions on visualization and computer graphics},
volume={24},
number={1},
pages={88--97},
year={2017},
publisher={IEEE}
}

@inproceedings{tilgner2019multi,
title={Multi-View Fusion Neural Network with Application in the Manufacturing Industry},
author={Tilgner, Stephan and Wagner, Daniel and Kalischewski, Kathrin and Velten, J{\"o}rg and Kummert, Anton},
booktitle={2019 IEEE International Symposium on Circuits and Systems (ISCAS)},
pages={1--5},
year={2019},
organization={IEEE}
}

@inproceedings{ning2017inception,
title={Inception single shot multibox detector for object detection},
author={Ning, Chengcheng and Zhou, Huajun and Song, Yan and Tang, Jinhui},
booktitle={2017 IEEE International Conference on Multimedia \& Expo Workshops (ICMEW)},
pages={549--554},
year={2017},
organization={IEEE}
}

@inproceedings{tarry2014integrated,
title={An integrated bud detection and localization system for application in greenhouse automation},
author={Tarry, Cole and Wspanialy, Patrick and Veres, Matthew and Moussa, Medhat},
booktitle={2014 Canadian Conference on Computer and Robot Vision},
pages={344--348},
year={2014},
organization={IEEE}
}

@inproceedings{xu2014detection,
title={Detection method for the buds on winter vines based on computer vision},
author={Xu, Sheng and Xun, Yi and Jia, Tingmeng and Yang, Qinghua},
booktitle={2014 Seventh International Symposium on Computational Intelligence and Design},
volume={2},
pages={44--48},
year={2014},
organization={IEEE}
}

@inproceedings{herzog2014objective,
title={Objective phenotyping the time of bud burst by analyzing grapevine field images},
author={Herzog, Katja and Kicherer, A and T{\"o}pfer, Reinhard},
booktitle={XI International Conference on Grapevine Breeding and Genetics 1082},
pages={379--385},
year={2014}
}

@article{perez2017image,
title={Image classification for detection of winter grapevine buds in natural conditions using scale-invariant features transform, bag of features and support vector machines},
author={P{\'e}rez, Diego Sebasti{\'a}n and Bromberg, Facundo and Diaz, Carlos Ariel},
journal={Computers and electronics in agriculture},
volume={135},
pages={81--95},
year={2017},
publisher={Elsevier}
}

@article{diaz2018grapevine,
title={Grapevine buds detection and localization in 3D space based on Structure from Motion and 2D image classification},
author={D{\'\i}az, Carlos Ariel and P{\'e}rez, Diego Sebasti{\'a}n and Miatello, Humberto and Bromberg, Facundo},
journal={Computers in Industry},
volume={99},
pages={303--312},
year={2018},
publisher={Elsevier}
}

@article{zhao2018research,
  title={Research on Stalk Crops Internodes and Buds Identification based on Computer Vision},
  author={Zhao, Fang and Rong, Deng and Liping, Lai and Chenlong, Li},
  journal={MS\&E},
  volume={439},
  number={3},
  pages={032080},
  year={2018}
}

@article{grimm2019adaptable,
  title={An adaptable approach to automated visual detection of plant organs with applications in grapevine breeding},
  author={Grimm, Jonatan and Herzog, Katja and Rist, Florian and Kicherer, Anna and T{\"o}pfer, Reinhard and Steinhage, Volker},
  journal={Biosystems Engineering},
  volume={183},
  pages={170--183},
  year={2019},
  publisher={Elsevier}
}

@article{rudolph2018efficient,
  title={Efficient identification, localization and quantification of grapevine inflorescences in unprepared field images using fully convolutional networks},
  author={Rudolph, Robert and Herzog, Katja and T{\"o}pfer, Reinhard and Steinhage, Volker},
  journal={arXiv preprint arXiv:1807.03770},
  year={2018}
}

@article{matese2015technology,
  title={Technology in precision viticulture: A state of the art review},
  author={Matese, Alessandro and Di Gennaro, Salvatore Filippo},
  journal={International journal of wine research},
  volume={7},
  pages={69--81},
  year={2015},
  publisher={Dove Press}
}

@article{ozdemir2017precision,
  title={Precision viticulture tools to production of high quality grapes},
  author={Ozdemir, Gultekin and Sessiz, Abdullah and Pekitkan, Fatih Goksel},
  journal={Sci. Pap. Ser. B Hortic},
  volume={61},
  pages={209--218},
  year={2017}
}

@article{abdelghafour2019bayesian,
  title={A Bayesian framework for joint structure and colour based pixel-wise classification of grapevine proximal images},
  author={Abdelghafour, Florent and Rosu, Roxana and Keresztes, Barna and Germain, Christian and Da Costa, Jean-Pierre},
  journal={Computers and Electronics in Agriculture},
  volume={158},
  pages={345--357},
  year={2019},
  publisher={Elsevier}
}

@article{poni2018grapevine,
  title={Grapevine quality: A multiple choice issue},
  author={Poni, Stefano and Gatti, Matteo and Palliotti, Alberto and Dai, Zhanwu and Duch{\^e}ne, Eric and Truong, Thuy-Thanh and Ferrara, Giuseppe and Matarrese, Angela Maria Stella and Gallotta, Alessandra and Bellincontro, Andrea and others},
  journal={Scientia horticulturae},
  volume={234},
  pages={445--462},
  year={2018},
  publisher={Elsevier}
}

@inproceedings{liu2013towards,
  title={Towards automated yield estimation in viticulture},
  author={Liu, Scarlett and Marden, Samuel and Whitty, Mark},
  booktitle={Proceedings of the Australasian Conference on Robotics and Automation, Sydney, Australia},
  volume={24},
  pages={2--6},
  year={2013}
}

@article{kliewer2005leaf,
  title={Leaf area/crop weight ratios of grapevines: influence on fruit composition and wine quality},
  author={Kliewer, W Mark and Dokoozlian, Nick K},
  journal={American Journal of Enology and Viticulture},
  volume={56},
  number={2},
  pages={170--181},
  year={2005},
  publisher={Am Soc Enol Viticulture}
}

@article{pellegrino2005towards,
  title={Towards a simple indicator of water stress in grapevine (Vitis vinifera L.) based on the differential sensitivities of vegetative growth components},
  author={Pellegrino, Anne and Lebon, Eric and Simonneau, Thierry and Wery, Jacques},
  journal={Australian Journal of Grape and Wine Research},
  volume={11},
  number={3},
  pages={306--315},
  year={2005},
  publisher={Wiley Online Library}
}

@article{intrigliolo2007evaluation,
  title={Evaluation of grapevine water status from trunk diameter variations},
  author={Intrigliolo, DS and Castel, JR},
  journal={Irrigation Science},
  volume={26},
  number={1},
  pages={49--59},
  year={2007},
  publisher={Springer}
}

@article{reynolds2009influence,
  title={Influence of grapevine training systems on vine growth and fruit composition: a review},
  author={Reynolds, Andrew G and Heuvel, Justine E Vanden},
  journal={American Journal of Enology and Viticulture},
  volume={60},
  number={3},
  pages={251--268},
  year={2009},
  publisher={Am Soc Enol Viticulture}
}

@article{lorenz1995growth,
  title={Growth Stages of the Grapevine: Phenological growth stages of the grapevine (Vitis vinifera L. ssp. vinifera)—Codes and descriptions according to the extended BBCH scale},
  author={Lorenz, DH and Eichhorn, KW and Bleiholder, H and Klose, R and Meier, U and Weber, E},
  journal={Australian Journal of Grape and Wine Research},
  volume={1},
  number={2},
  pages={100--103},
  year={1995},
  publisher={Wiley Online Library}
}
@article{zapata2017predicting,
  title={Predicting key phenological stages for 17 grapevine cultivars (Vitis vinifera L.)},
  author={Zapata, Diana and Salazar-Gutierrez, Melba and Chaves, Bernardo and Keller, Markus and Hoogenboom, Gerrit},
  journal={American Journal of Enology and Viticulture},
  volume={68},
  number={1},
  pages={60--72},
  year={2017},
  publisher={Am Soc Enol Viticulture}
}

@article{may2000bud,
  title={From bud to berry, with special reference to inflorescence and bunch morphology in Vitis vinifera L.},
  author={May, Peter},
  journal={Australian Journal of Grape and Wine Research},
  volume={6},
  number={2},
  pages={82--98},
  year={2000},
  publisher={Wiley Online Library}
}

@book{keller2020science,
  title={The science of grapevines},
  author={Keller, Markus},
  year={2020},
  publisher={Academic Press}
}

@article{vasconcelos2009flowering,
  title={The flowering process of Vitis vinifera: a review},
  author={Vasconcelos, M Carmo and Greven, Marc and Winefield, Chris S and Trought, Mike CT and Raw, Victoria},
  journal={American Journal of Enology and Viticulture},
  volume={60},
  number={4},
  pages={411--434},
  year={2009},
  publisher={Am Soc Enol Viticulture}
}

@inproceedings{whelan1996spatial,
  title={Spatial prediction for precision agriculture},
  author={Whelan, BM and McBratney, AB and Viscarra Rossel, RA},
  booktitle={Proceedings of the Third International Conference on Precision Agriculture},
  pages={331--342},
  year={1996},
  organization={Wiley Online Library}
}

@article{borgogno2018comparison,
  title={A comparison between multispectral aerial and satellite imagery in precision viticulture},
  author={Borgogno-Mondino, E and Lessio, Andrea and Tarricone, Luigi and Novello, Vittorino and de Palma, Laura},
  journal={Precision Agriculture},
  volume={19},
  number={2},
  pages={195--217},
  year={2018},
  publisher={Springer}
}

@article{taylor2019considerations,
  title={Considerations on spatial crop load mapping},
  author={Taylor, James A and Dresser, JL and Hickey, Cain C and Nuske, ST and Bates, Terence R},
  journal={Australian journal of grape and wine research},
  volume={25},
  number={2},
  pages={144--155},
  year={2019},
  publisher={Wiley Online Library}
}

@inproceedings{long2015fully,
  title={Fully convolutional networks for semantic segmentation},
  author={Long, Jonathan and Shelhamer, Evan and Darrell, Trevor},
  booktitle={Proceedings of the IEEE conference on computer vision and pattern recognition},
  pages={3431--3440},
  year={2015}
}

@article{shelhamer2017fully,
  title={Fully convolutional networks for semantic segmentation},
  author={Shelhamer, Evan and Long, Jonathan and Darrell, Trevor},
  journal={IEEE transactions on pattern analysis and machine intelligence},
  volume={39},
  number={4},
  pages={640--651},
  year={2017},
  publisher={IEEE Trans Pattern Anal Mach Intell}
}

@inproceedings{lampert2008beyond,
  title={Beyond sliding windows: Object localization by efficient subwindow search},
  author={Lampert, Christoph H and Blaschko, Matthew B and Hofmann, Thomas},
  booktitle={2008 IEEE conference on computer vision and pattern recognition},
  pages={1--8},
  year={2008},
  organization={IEEE}
}

@book{vapnik2013nature,
  title={The nature of statistical learning theory},
  author={Vapnik, Vladimir},
  year={2013},
  publisher={Springer science \& business media}
}



@article{howard2017mobilenets,
  title={Mobilenets: Efficient convolutional neural networks for mobile vision applications},
  author={Howard, Andrew G and Zhu, Menglong and Chen, Bo and Kalenichenko, Dmitry and Wang, Weijun and Weyand, Tobias and Andreetto, Marco and Adam, Hartwig},
  journal={arXiv preprint arXiv:1704.04861},
  year={2017}
}

@inproceedings{siam2018rtseg,
  title={Rtseg: Real-time semantic segmentation comparative study},
  author={Siam, Mennatullah and Gamal, Mostafa and Abdel-Razek, Moemen and Yogamani, Senthil and Jagersand, Martin},
  booktitle={2018 25th IEEE International Conference on Image Processing (ICIP)},
  pages={1603--1607},
  year={2018},
  organization={IEEE}
}

@article{Simonyan2015VeryDC,
title={Very Deep Convolutional Networks for Large-Scale Image Recognition},
author={Karen Simonyan and Andrew Zisserman},
journal={CoRR},
year={2015},
volume={abs/1409.1556}
}

@article{litjens2017survey,
  title={A survey on deep learning in medical image analysis},
  author={Litjens, Geert and Kooi, Thijs and Bejnordi, Babak Ehteshami and Setio, Arnaud Arindra Adiyoso and Ciompi, Francesco and Ghafoorian, Mohsen and Van Der Laak, Jeroen Awm and Van Ginneken, Bram and S{\'a}nchez, Clara I},
  journal={Medical image analysis},
  volume={42},
  pages={60--88},
  year={2017},
  publisher={Elsevier}
}

@article{garcia2018survey,
  title={A survey on deep learning techniques for image and video semantic segmentation},
  author={Garcia-Garcia, Alberto and Orts-Escolano, Sergio and Oprea, Sergiu and Villena-Martinez, Victor and Martinez-Gonzalez, Pablo and Garcia-Rodriguez, Jose},
  journal={Applied Soft Computing},
  volume={70},
  pages={41--65},
  year={2018},
  publisher={Elsevier}
}

@incollection{kaymak2019brief,
  title={A brief survey and an application of semantic image segmentation for autonomous driving},
  author={Kaymak, {\c{C}}a{\u{g}}r{\i} and U{\c{c}}ar, Ay{\c{s}}eg{\"u}l},
  booktitle={Handbook of Deep Learning Applications},
  pages={161--200},
  year={2019},
  publisher={Springer}
}

@inproceedings{chum2007exemplar,
  title={An exemplar model for learning object classes},
  author={Chum, Ondrej and Zisserman, Andrew},
  booktitle={2007 IEEE Conference on Computer Vision and Pattern Recognition},
  pages={1--8},
  year={2007},
  organization={IEEE}
}

@INPROCEEDINGS{dalal2005histograms,
  author={N. {Dalal} and B. {Triggs}},
 booktitle={2005 IEEE Computer Society Conference on Computer Vision and Pattern Recognition (CVPR'05)},
  title={Histograms of oriented gradients for human detection},
  year={2005},
  volume={1},
  number={},
  pages={886-893 vol. 1}
}

@article{ferrari2007groups,
  title={Groups of adjacent contour segments for object detection},
  author={Ferrari, Vittorio and Fevrier, Loic and Jurie, Frederic and Schmid, Cordelia},
  journal={IEEE transactions on pattern analysis and machine intelligence},
  volume={30},
  number={1},
  pages={36--51},
  year={2007},
  publisher={IEEE}
}

@inproceedings{rowley1996human,
  title={Human face detection in visual scenes},
  author={Rowley, Henry A and Baluja, Shumeet and Kanade, Takeo},
  booktitle={Advances in Neural Information Processing Systems},
  pages={875--881},
  year={1996}
}

@inproceedings{divvala2009empirical,
  title={An empirical study of context in object detection},
  author={Divvala, Santosh K and Hoiem, Derek and Hays, James H and Efros, Alexei A and Hebert, Martial},
  booktitle={2009 IEEE Conference on computer vision and Pattern Recognition},
  pages={1271--1278},
  year={2009},
  organization={IEEE}
}

@inproceedings{wang2009hog,
  title={An HOG-LBP human detector with partial occlusion handling},
  author={Wang, Xiaoyu and Han, Tony X and Yan, Shuicheng},
  booktitle={2009 IEEE 12th international conference on computer vision},
  pages={32--39},
  year={2009},
  organization={IEEE}
}

@article{lowe2004distinctive,
  title={Distinctive image features from scale-invariant keypoints},
  author={Lowe, David G},
  journal={International journal of computer vision},
  volume={60},
  number={2},
  pages={91--110},
  year={2004},
  publisher={Springer}
}

@inproceedings{csurka2004visual,
  title={Visual categorization with bags of keypoints},
  author={Csurka, Gabriella and Dance, Christopher and Fan, Lixin and Willamowski, Jutta and Bray, C{\'e}dric},
  booktitle={Workshop on statistical learning in computer vision, ECCV},
  volume={1},
  number={1-22},
  pages={1--2},
  year={2004},
  organization={Prague}
}

@article{pan2009survey,
  title={A survey on transfer learning},
  author={Pan, Sinno Jialin and Yang, Qiang},
  journal={IEEE Transactions on knowledge and data engineering},
  volume={22},
  number={10},
  pages={1345--1359},
  year={2009},
  publisher={IEEE}
}

@inproceedings{oguz2017dice,
  title={Dice overlap measures for objects of unknown number: application to lesion segmentation},
  author={Oguz, Ipek and Carass, Aaron and Pham, Dzung L and Roy, Snehashis and Subbana, Nagesh and Calabresi, Peter A and Yushkevich, Paul A and Shinohara, Russell T and Prince, Jerry L},
  booktitle={International MICCAI Brainlesion Workshop},
  pages={3--14},
  year={2017},
  organization={Springer}
}

@article{ruder2018gradientdescent,
  author    = {Sebastian Ruder},
  title     = {An overview of gradient descent optimization algorithms},
  journal   = {CoRR},
  volume    = {abs/1609.04747},
  year      = {2016},
  url       = {http://arxiv.org/abs/1609.04747},
  archivePrefix = {arXiv},
  eprint    = {1609.04747},
  timestamp = {Mon, 13 Aug 2018 16:48:10 +0200},
  biburl    = {https://dblp.org/rec/journals/corr/Ruder16.bib},
  bibsource = {dblp computer science bibliography, https://dblp.org}
}

@article{shorten2019survey,
  title={A survey on image data augmentation for deep learning},
  author={Shorten, Connor and Khoshgoftaar, Taghi M},
  journal={Journal of Big Data},
  volume={6},
  number={1},
  pages={60},
  year={2019},
  publisher={Springer}
}

@article{collins2020effects,
	title={Effects of canopy management practices on grapevine bud fruitfulness},
	author={Collins, Cassandra and Wang, Xiaoyi and Lesefko, Stephen and De Bei, Roberta and Fuentes, Sigfredo},
	journal={OENO One},
	volume={54},
	number={2},
	pages={313--325},
	year={2020}
}

@article{dice1945measures,
	title={Measures of the amount of ecologic association between species},
	author={Dice, Lee R},
	journal={Ecology},
	volume={26},
	number={3},
	pages={297--302},
	year={1945},
	publisher={Wiley Online Library}
}

@article{jaccard1912distribution,
	title={The distribution of the flora in the alpine zone. 1},
	author={Jaccard, Paul},
	journal={New phytologist},
	volume={11},
	number={2},
	pages={37--50},
	year={1912},
	publisher={Wiley Online Library}
}

@inproceedings{kornblith2019better,
	title={Do better imagenet models transfer better?},
	author={Kornblith, Simon and Shlens, Jonathon and Le, Quoc V},
	booktitle={Proceedings of the IEEE conference on computer vision and pattern recognition},
	pages={2661--2671},
	year={2019}
}

@article{bramley2004understanding,
	title={Understanding variability in winegrape production systems: 1. Within vineyard variation in yield over several vintages},
	author={Bramley, RGV and Hamilton, RP},
	journal={Australian Journal of Grape and Wine Research},
	volume={10},
	number={1},
	pages={32--45},
	year={2004},
	publisher={Wiley Online Library}
}

@inproceedings{han2013comparison,
	title={Comparison of commonly used image interpolation methods},
	author={Han, Dianyuan},
	booktitle={Proceedings of the 2nd international conference on computer science and electronics engineering},
	year={2013},
	organization={Atlantis Press}
}